@article{blockchain1,
    title = {Tecnología blockchain: funcionamiento, aplicaciones
            y retos jurídicos relacionados},
    journaltitle = {Actualidad Jurídica Uría Menéndez },
    author = {Porxas, N. and Conejero, M.},
    year = {2018},
}

@article{blockchain2,
    title = {LA BLOCKCHAIN: FUNDAMENTOS,
            APLICACIONES Y RELACIÓN CON
            OTRAS TECNOLOGÍAS DISRUPTIVAS},
    journaltitle = {Universitat Politécnica de Catalunya},
    author = { RETAMAL, J.
            and ROIG, J. and MUÑOZ, J.},
    year = {2017},
}

@article{blockchain3,
    title = {BlockChain Technology: Beyond Bitcoin},
    journaltitle = {Applied Innovation Review},
    author = {Crosby, M. and , Pattanayak, P. and  Kalyanaraman, V.},
    year = {2016},
}

@article{blockchain4,
    title = {Análisis de tecnologías de blockchain y bitcoin},
    journaltitle = {MISTIC},
    author = {Margarita Rodriguez Garagorri},
    year = {2017},

}